@article{blain2013modified,
  title={{The modified Mann-Kendall test: on the performance of three variance correction approaches}},
  author={Blain, Gabriel Constantino},
  journal={Bragantia},
  volume={72},
  pages={416--425},
  year={2013},
  publisher={SciELO Brasil},
doi={10.1590/brag.2013.045}
}